@book{sun_2006, 
  place={北京}, 
  isbn = {978-7-11119174-2},
  title={计算机图形学教程}, 
  publisher={机械工业出版社}, 
  author={孙正兴}, 
  year={2006}
}
@book{rog_2002, 
  place={北京}, 
  isbn = {978-7-11107582-0},
  title={计算机图形学的算法基础}, 
  publisher={机械工业出版社}, 
  author={David F.Rogers and 石教英 and 彭群生}, 
  year={2002}
}
@misc{bspline_web,
   author = {HachiLin},
   title = {B样条曲线——de Boor递推算法实现},
   howpublished = {\url{https://blog.csdn.net/Hachi_Lin/article/details/89812126}}
}
@misc{liang_web,
   title = {liang-Barskey算法},
   howpublished = {\url{https://blog.csdn.net/sinat_34686158/article/details/78745492}}
}
@misc{cohen_web,
   title = {运用python实现Cohen-Sutherland直线段裁剪算法},
   howpublished = {\url{https://www.cnblogs.com/aliali/p/12623642.html}}
}
@misc{pyqt5_ch,
   title = {PyQt5中文教程},
   howpublished = {\url{http://code.py40.com/pyqt5/24.html}}
}
@misc{save_canvas,
   title = {How to save images from QGraphicsView?},
   howpublished = {\url{https://stackoverflow.com/questions/35191327/how-to-save-images-from-qgraphicsview?r=SearchResults}}
}
@misc{exit,
   title = {simple IPython example raises exception on sys.exit()},
   howpublished = {\url{https://stackoverflow.com/questions/10888045/simple-ipython-example-raises-exception-on-sys-exit}}
}
@misc{choose,
   title = {QListWidget: change selection without triggering selectionChanged},
   howpublished = {\url{https://stackoverflow.com/questions/31341442/qlistwidget-change-selection-without-triggering-selectionchanged}}
}