@article{cg_teach,
  title={name},
  author={唐荣锡 and 汪嘉业 and 彭群生 and others},
  journal={北京: 科学出版杜},
  pages={20--75},
  year={1990}
}
@Inbook{Wille1982,
author="Wille, Rudolf",
editor="Rival, Ivan",
title="Restructuring Lattice Theory: An Approach Based on Hierarchies of Concepts",
bookTitle="Ordered Sets: Proceedings of the NATO Advanced Study Institute held at Banff, Canada, August 28 to September 12, 1981",
year="1982",
publisher="Springer Netherlands",
address="Dordrecht",
pages="445--470",
isbn="978-94-009-7798-3",
doi="10.1007/978-94-009-7798-3_15",
url="http://dx.doi.org/10.1007/978-94-009-7798-3_15"
}